@book{georgiPhysicsWaves2015,
  title = {The Physics of Waves.},
  author = {Georgi, Howard},
  date = {2015}
}

@article{grayToeplitzCirculantMatrices2006,
  title = {Toeplitz and {{Circulant Matrices}}: {{A Review}}},
  shorttitle = {Toeplitz and {{Circulant Matrices}}},
  author = {Gray, Robert M.},
  date = {2006-01-30},
  journaltitle = {Foundations and TrendsÂ® in Communications and Information Theory},
  shortjournal = {CIT},
  volume = {2},
  number = {3},
  pages = {155--239},
  publisher = {{Now Publishers, Inc.}},
  issn = {1567-2190, 1567-2328},
  doi = {10.1561/0100000006},
  url = {https://www.nowpublishers.com/article/Details/CIT-006},
  urldate = {2024-01-02},
  abstract = {Toeplitz and Circulant Matrices: A Review},
  langid = {english},
  file = {/home/fox/Zotero/storage/85HE8PHH/gray2005.pdf.pdf;/home/fox/Zotero/storage/ZJZKNC53/Gray - 2006 - Toeplitz and Circulant Matrices A Review.pdf}
}
